%%%%%%%%%%%%%%%%%%% CIKM REFERENCES

@article{Abe_2003,
  author = {Naoki Abe},
  title = {Invited talk: Sampling Approaches to Learning from Imbalanced Datasets: Active Learning, Cost Sensitive Learning and Beyond},
  journal = {Proc. of ICML Workshop: Learning from Imbalanced Data Sets},
  year = {2003},
  }


@article{Akbani_2004,
  author = {Rehan Akbani and Stephen Kwek and Nathalie Japkowicz},
  title = {Applying Support Vector Machines to Imbalanced Datasets},
  journal = {Proc. of European Conference on Machine Learning},
  year = {2004},
  pages = {39-50},
  }

@article{Bordes_2005,
  author = {Antoine Bordes and Seyda Ertekin and Jason Weston and L\'{e}on Bottou},
  title = {Fast Kernel Classifiers with Online and Active Learning},
  journal = {Journal of Machine Learning Research (JMLR)},
  year = {2005},
  volume = {6},
  pages = {1579-1619},
  url = {http://leon.bottou.org/papers/bordes-ertekin-weston-bottou-2005},
}

@article{Chawla_2002,
  author    = {N. V. Chawla and K. W. Bowyer. and L. O. Hall and W. P. Kegelmeyer},
  title     = {SMOTE: Synthetic Minority Over-sampling Technique.},
  journal   = {Journal of Artificial Intelligence Research (JAIR)},
  volume    = {16},
  year      = {2002},
  pages     = {321-357},
}

@article{Egan_1975,
	author = {Egan J. },
	journal = {Academic Press},
	title = {Signal Detection Theory and ROC Analysis.},
	year = {1975}
}

 @inproceedings{Grzymala-Busse_2000,
  author = {J. W. Grzymala-Busse and Z. Zheng and L. K. Goodwin and W. J. Grzymala-Busse},
  title = {An Approach to Imbalanced Datasets Based on Changing Rule Strength.},
  booktitle = {Proc. of In Learning from Imbalanced Datasets, AAAI Workshop},
  year = {2000},
  }

  @inproceedings{Huang_2007,
    author = "Jian Huang and Seyda Ertekin and Yang Song and Hongyuan Zha and C. Lee Giles",
    title = "Efficient Multiclass Boosting Classification with Active Learning",
    booktitle = "Proc. of Seventh SIAM Int. COnference on Data Mining (SDM)",
    year = "2007",
 }
 @inproceedings{Japkowicz_1995,
    author = "Nathalie Japkowicz",
    title = "A Novelty Detection Approach to Classification",
    booktitle = "{Proc. of the Int. Joint Conference on Artificial Intelligence (IJCAI)}",
    pages = "518-523",
    year = "1995"
}

  @inproceedings{Japkowicz_2000,
    author = "Nathalie Japkowicz",
    title = "The Class Imbalance Problem: Significance and Strategies",
    booktitle = "Proc. of 2000 Int. Conference on Artificial Intelligence ({IC}-{AI}'2000)",
    volume = "1",
    pages = "111--117",
    year = "2000",
}

  @article{Kubat_1998,
  author = {M. Kubat and R. C. Holte and S. Matwin},
  title = {Machine Learning for the Detection of Oil Spills in Satellite Radar Images },
  journal = {Machine Learning},
  year = {1998},
  volume = {30},
  number= {2-3},
  pages = {195-215},
  }

  @inproceedings{Ling_1998,
    author = "C. X. Ling and C. Li",
    title = "Data Mining for Direct Marketing: Problems and Solutions",
    booktitle = "Knowledge Discovery and Data Mining",
    pages = "73-79",
    year = "1998",
   }

 @article{Ling_2003,
  author = "C. Ling and J. Huang and H. Zhang",
  title = {Addressing the Curse of Imbalanced Training Datasets: One Sided Selection},
  journal = {Proc. of Int. Conference on Artificial Intelligence (IJCAI)},
  year = {2003},
  }
@inproceedings{Liu_06,
 author = {Xu-Ying Liu and Jianxin Wu and Zhi-Hua Zhou},
 title = {Exploratory Under-Sampling for Class-Imbalance Learning},
 booktitle = {Proc. of the International Conference on Data Mining (ICDM)},
 year = {2006},
 isbn = {0-7695-2701-9},
 pages = {965--969},
 }

  @article{Nigam_2000,
 author = {Kamal Nigam and Andrew Kachites McCallum and Sebastian Thrun and Tom Mitchell},
 title = {Text Classification from Labeled and Unlabeled Documents using EM},
 journal = {Machine Learning},
 volume = {39},
 number = {2-3},
 year = {2000},
 issn = {0885-6125},
 pages = {103--134},
 publisher = {Kluwer Academic Publishers},
 address = {Hingham, MA, USA},
 }

@inproceedings{Pazzani_1994,
  author = {M. Pazzani and C. Merz and P. Murphy and K. Ali and T. Hume and C. Brunk},
  title = {Reducing Misclassification Costs},
  booktitle = {Proc. of 11th Int. Conference on Machine Learning (ICML)},
  year = {1994},
  }


@book{Platt_1999,
 author = {J. C. Platt},
 title = {Fast training of support vector machines using sequential minimal optimization},
 book = {Advances in kernel methods: support vector learning},
 year = {1999},
 isbn = {0-262-19416-3},
 pages = {185--208},
 publisher = {MIT Press},
 address = {Cambridge, MA, USA},
 }

@inproceedings{Provost_2000,
  author = {Foster Provost},
  title = {Machine Learning from Imbalanced Datasets 101},
  booktitle = {Proc. of AAAI Workshop on Imbalanced Data Sets},
  year = {2000},
  }

 @article{Radijovac_2004,
 author = {Predrag Radivojac and Nitesh V. Chawla and A. Keith Dunker and Zoran Obradovic},
 title = {Classification and Knowledge Discovery in Protein Databases},
 journal = {Journal of Biomedical Informatics},
 volume = {37},
 number = {4},
 year = {2004},
 issn = {1532-0464},
 pages = {224--239},
 publisher = {Elsevier Science},
 }

 @article{Raskutti_2004,
 author = {Bhavani Raskutti and Adam Kowalczyk},
 title = {Extreme re-balancing for SVMs: a case study},
 journal = {SIGKDD Explorations Newsletter},
 year = {2004},
 volume = {6},
 number = {1},
 pages = {60--69},
 doi = {http://doi.acm.org/10.1145/1007730.1007739},
 publisher = {ACM Press},
 address = {New York, NY, USA},
 }

@inproceedings{Roy_2001,
 author = {Nicholas Roy and Andrew McCallum},
 title = {Toward Optimal Active Learning through Sampling Estimation of Error Reduction},
 booktitle = {ICML '01: Proceedings of the Eighteenth International Conference on Machine Learning},
 year = {2001},
 isbn = {1-55860-778-1},
 pages = {441--448},
 }


 @inproceedings{Schohn_2000,
 author = {Greg Schohn and David Cohn},
 title = {Less is More: Active Learning with Support Vector Machines},
 booktitle = {Proc. of the 17th Int. Conference on Machine Learning (ICML)},
 year = {2000},
 isbn = {1-55860-707-2},
 pages = {839--846},
 }

 @inproceedings{Smola_2000,
    author = "Alex J. Smola and Bernhard Sch{\"o}lkopf",
    title = "Sparse Greedy Matrix Approximation for Machine Learning",
    booktitle = "Proc. of 17th Int. Conference on Machine Learning (ICML)",
    pages = "911--918",
    year = "2000"
}

 @inproceedings{Tong_2001,
 author = {Simon Tong and Edward Chang},
 title = {Support Vector Machine Active Learning for Image Retrieval},
 booktitle = {Proc. of the 9th ACM international Conference on Multimedia},
 year = {2001},
 isbn = {1-58113-394-4},
 pages = {107--118},
 location = {Ottawa, Canada},
 publisher = {ACM Press},
 address = {New York, NY, USA},
 }

 @article{Tong_2002,
 author = {Simon Tong and Daphne Koller},
 title = {Support Vector Machine Active Learning with Applications to Text Classification},
 journal = {Journal of Machine Learning Research (JMLR)},
 volume = {2},
 year = {2002},
 issn = {1533-7928},
 pages = {45--66},
 publisher = {MIT Press},
 }

 @book{Vapnik_1995,
 author = {V. Vapnik},
 title = {The Nature of Statistical Learning Theory},
 year = {1995},
 publisher = {Springer},
 address = {New York},
 }

 @article{Weiss_2004,
 author = {G. M. Weiss},
 title = {Mining with Rarity: A Unifying Framework},
 journal = {SIGKDD Explorer Newsletter},
 volume = {6},
 number = {1},
 year = {2004},
 issn = {1931-0145},
 pages = {7--19},
 publisher = {ACM Press},
 }

 @inproceedings{Wu_2003,
 author = {G. Wu and E. Chang},
 title = {Class Boundary Alignment for Imbalanced Dataset Learning},
 booktitle = {Proceedings of the ICML Workshop on Learning from Imbalanced Data Sets},
 year = {2003},
 }

 @article{Zheng_2004,
 author = {Zhaohui Zheng and Xiaoyun Wu and Rohini Srihari},
 title = {Feature Selection for Text Categorization on Imbalanced Data},
 journal = {SIGKDD Explorations Newsletter},
 volume = {6},
 number = {1},
 year = {2004},
 pages = {80--89},
 publisher = {ACM Press},
 address = {New York, NY, USA},
 }



%%%%%%%%%%%%%%%%%%% VIRTUAL REFERENCES

  @BOOK{Breiman84,
  AUTHOR =       "L. Breiman and J. Friedman and R. Olshen and C. Stone",
  TITLE =        "Classification and Regression Trees",
  PUBLISHER =    "Wadsworth",
  YEAR =         "1984"
}

@inproceedings{Chan_1998,
    author = "Philip K. Chan and Salvatore J. Stolfo",
    title = "Toward Scalable Learning with Non-Uniform Class and Cost Distributions: A Case Study in Credit Card Fraud Detection",
    booktitle = "Proc. of the 4th ACM SIGKDD Int. Conference on Knowledge Discovery and Data Mining",
    pages = "164-168",
    year = "1998",
     }

 @inproceedings{Domingos_1999,
 author = {Pedro Domingos},
 title = {MetaCost: A General Method for Making Classifiers Cost-Sensitive},
 booktitle = {Proc. of the 5th ACM SIGKDD Int. Conference on Knowledge Discovery and Data Mining},
 year = {1999},
 isbn = {1-58113-143-7},
 pages = {155--164},
 doi = {http://doi.acm.org/10.1145/312129.312220},
 address = {New York, NY, USA},
 }

 @inproceedings{Dumais_1998,
  author = {S. Dumais and J. Platt and D. Heckerman and M. Sahami},
  title = {Inductive Learning Algorithms and Representations for Text Categorization},
  booktitle = {Proc. of 7th Int. Conference on Information and Knowledge Management (CIKM)},
  year = {1998},
  }
@inproceedings{Ertekin_2007,
author = {Seyda Ertekin and Jian Huang and C. Lee Giles},
title = {Active Learning for Class Imbalance Problem},
booktitle = {Proc. of the 30th ACM SIGIR Conference on Research and Development in Information Retrieval},
year = {2007},
pages = {823--824},
 address = {Amsterdam, The Netherlands},
 }

@inproceedings{Ertekin2_2007,
author = {Seyda Ertekin and Jian Huang and Leon Bottou and C. Lee Giles},
title = {Learning on the Border: Active Learning in Imbalanced Data Classification},
booktitle = {Proc. of the 16th ACM Conference on Information and Knowledge Management (CIKM)},
year = {2007},
pages = {127--136},
 address = {Lisbon, Portugal},
 }
@phdthesis{Ertekin_dissertation,
    author = {Seyda Ertekin},
    title = {Learning in Extreme Conditions: Online and Active Learning with Massive, Imbalanced and Noisy Data},
    school = {The Pennsylvania State University},
    year = {2009}
}
@inproceedings{Fawcett_1996,
author = {Tom Fawcett and Foster Provost},
title = {Combining Data Mining and Machine Learning for Effective User Profile},
booktitle = {Proc. of the International Conference on Knowledge Discovery and Data Mining},
year = {1996},
pages = {8-13},
address = {Portland, OR},
 }

 @inproceedings{Grzymala-Busse_2000,
  author = {J. W. Grzymala-Busse and Z. Zheng and L. K. Goodwin and W. J. Grzymala-Busse},
  title = {An Approach to Imbalanced Datasets Based on Changing Rule Strength.},
  booktitle = {Proc. of In Learning from Imbalanced Datasets, AAAI Workshop},
  year = {2000},
  }

  @inproceedings{Huang_2006,
    author = "Jian Huang and Seyda Ertekin and C. Lee Giles",
    title = "Efficient Name Disambiguation for Large Scale Datasets",
    booktitle = "Proc. of European Conference on Principles and Practice of Knowledge Discovery in Databases (ECML/PKDD)",
    volume = "4213/2006",
    pages = "536-544",
    year = "2006",
 }

  @inproceedings{Huang_2007,
    author = "Jian Huang and Seyda Ertekin and Yang Song and Hongyuan Zha and C. Lee Giles",
    title = "Efficient Multiclass Boosting Classification with Active Learning",
    booktitle = "Proc. of Seventh SIAM Int. COnference on Data Mining (SDM)",
    year = "2007",
 }

@article{Japkowicz_2002,
	author = {Japkowicz, N.  and Stephen, S. },
	journal = {Intelligent Data Analysis},
	keywords = {machinelearning},
	number = {5},
	pages = {429--449},
	title = {The class imbalance problem: A systematic study.},
	volume = {6},
	year = {2002}
}

  @article{Kubat_1997,
  author = {M. Kubat and S. Matwin},
  title = {Addressing the Curse of Imbalanced Training Datasets: One Sided Selection},
  journal = {Proc. of 14th Int. Conference on Machine Learning (ICML)},
  year = {1997},
  volume = {30},
  number= {2-3},
  pages = {195-215},
  }

 @inproceedings{Liu_2006,
 author = {Xu-Ying Liu and Jianxin Wu and Zhi-Hua Zhou},
 title = {Exploratory Under-Sampling for Class-Imbalance Learning},
 booktitle = {Proc. of the International Conference on Data Mining (ICDM)},
 year = {2006},
 }

@book{Platt_1999,
 author = {J. C. Platt},
 title = {Fast training of support vector machines using sequential minimal optimization},
 book = {Advances in kernel methods: support vector learning},
 year = {1999},
 isbn = {0-262-19416-3},
 pages = {185--208},
 publisher = {MIT Press},
 address = {Cambridge, MA, USA},
 }

@article{Su_2007,
 author = {Chao-Ton Su and Yu-Hsiang Hsiao},
 title = {An Evaluation of the Robustness of MTS for Imbalanced Data},
 journal = {IEEE Transactions on Knowledge and Data Engineering},
 volume = {19},
 number = {10},
 year = {2007},
 pages = {1321--1332},
  }

 @inproceedings{Tong_2001,
 author = {Simon Tong and Edward Chang},
 title = {Support Vector Machine Active Learning for Image Retrieval},
 booktitle = {Proc. of the 9th ACM international Conference on Multimedia},
 year = {2001},
 isbn = {1-58113-394-4},
 pages = {107--118},
 location = {Ottawa, Canada},
 publisher = {ACM Press},
 address = {New York, NY, USA},
 }

 @article{Weiss_2004,
 author = {G. M. Weiss},
 title = {Mining with Rarity: A Unifying Framework},
 journal = {SIGKDD Explorer Newsletter},
 volume = {6},
 number = {1},
 year = {2004},
 issn = {1931-0145},
 pages = {7--19},
 publisher = {ACM Press},
 }

 @inproceedings{Wu_2003,
 author = {G. Wu and E. Chang},
 title = {Class Boundary Alignment for Imbalanced Dataset Learning},
 booktitle = {Proceedings of the ICML Workshop on Learning from Imbalanced Data Sets},
 year = {2003},
 }

 @inproceedings{Wu_2004,
 author = {Gang Wu and Edward Y. Chang},
 title = {Aligning Boundary in Kernel Space for Learning Imbalanced Dataset},
 booktitle = {Proc. of the Fourth IEEE Int. Conference on Data Mining (ICDM 2004)},
 year = {2004},
 pages = {265--272},
 }

@article{Wu_2005,
 author = {Gang Wu and Edward Chang},
 title = {KBA: Kernel Boundary Alignment Considering Imbalanced Data Distribution},
 journal = {IEEE Transactions on Knowledge and Data Engineering},
 volume = {17},
 number = {6},
 year = {2005},
 pages = {786--795},
  }

 @article{Zheng_2004,
 author = {Zhaohui Zheng and Xiaoyun Wu and Rohini Srihari},
 title = {Feature Selection for Text Categorization on Imbalanced Data},
 journal = {SIGKDD Explorations Newsletter},
 volume = {6},
 number = {1},
 year = {2004},
 pages = {80--89},
 publisher = {ACM Press},
 address = {New York, NY, USA},
 }
@article{Zhou_2005,
 author = {Zhi-Hua Zhou and Xu-Ying Liu},
 title = {Training Cost-Sensitive Neural Networks with Methods Addressing the Class Imbalance Problem},
 journal = {IEEE Transactions on Knowledge and Data Engineering},
 volume = {18},
 number = {1},
 year = {2006},
 pages = {63--77},
  }
